
{1:F01GSCRUS30XXXX3614000002}{2:I940GSCRUS30XXXXN}{4:
:20:15486025400
:25:107048825
:28C:49/2
:60M:C250218USD2732398848,02
:61:2502180218D12,01NTRFGSLNVSHSUTKWDR//GI2504900007841
:86:/EREF/GSLNVSHSUTKWDR
/CRNM/GOLDMAN SACHS BANK USA
/CACT/107045863/CBIC/GSCRUS30XXX
/REMI/USD Payment to Vendor
/OPRP/Tag Payment
:61:2502180218D12,01NTRFGSOXWBAQYTF4VH//GI2504900005623
:86:/EREF/GSOXWBAQYTF4VH
/CRNM/GOLDMAN SACHS BANK USA
/CACT/107045863/CBIC/GSCRUS30XXX
/REMI/The maximum length of the block is 65 characters
/OPRP/Tag Payment
:61:2502180218D12,01NTRFGSC7MZKHS3UA23//GI2504900005621
:86:/EREF/GSC7MZKHS3UA23
/CRNM/GOLDMAN SACHS BANK USA
/CACT/107045863/CBIC/GSCRUS30XXX
/REMI/USD Payment from USD account
/OPRP/Tag Payment
:61:2502180218C11,25NTRFGS0DUTB31IOUHRS//GI2504900004512
:86:/EREF/GS0DUTB31IOUHRS
/DACT/8348577826/DBIC/CITIUS30XXX
/OAMT/11-25/
/DCID/CPQYTB74
:62M:C250218USD2937898,77
-}
