

(1:F01ZKBCHZZP80A0000000000}2:1940XXXXXXXXXXXXN}4:

:20:1310356830872

:25:110000123456

:28C:135/1

:60F:D110707CHF100,

:61:110708C688,35NTRFNONREF//7093070822670002

1 Rémunération

:86:?ZKB:2300 78278

MME FABIENNE EXEMPLE

OU M. HEINZ EXEMPLE

RUE D'EXEMPLE 99

8000 ZUERICH

11057561170022280 EXEMPLE FABIENNE?ZI:?0:CHF700,35?4:CHF12,

:62F:C110708CHF788,35

:64:C110708CHF788,35

-)